<record><leader>00000cas a22000007a 4500</leader><controlfield tag="001">14711640</controlfield><controlfield tag="008">861114d18641872pauwr ne      0    0eng  </controlfield><controlfield tag="009">466</controlfield><datafield ind1=" " ind2=" " tag="010"><subfield code="a">sn 86072104 </subfield></datafield><datafield ind1=" " ind2=" " tag="040"><subfield code="a">DLC</subfield><subfield code="b">eng</subfield><subfield code="c">DLC</subfield><subfield code="d">NPH</subfield></datafield><datafield ind1="1" ind2=" " tag="029"><subfield code="a">AU@</subfield><subfield code="b">000025798371</subfield></datafield><datafield ind1=" " ind2=" " tag="042"><subfield code="a">msc</subfield></datafield><datafield ind1="0" ind2="0" tag="050"><subfield code="a">Newspaper 9498</subfield></datafield><datafield ind1="0" ind2="0" tag="245"><subfield code="a">Commercial list and price current.</subfield></datafield><datafield ind1=" " ind2=" " tag="260"><subfield code="a">Philadelphia [Pa.] :</subfield><subfield code="b">S.N. Winslow,</subfield><subfield code="c">1864-1872.</subfield></datafield><datafield ind1=" " ind2=" " tag="300"><subfield code="a">9 v. :</subfield><subfield code="b">ill. (chiefly advertisements) ;</subfield><subfield code="c">75 cm.</subfield></datafield><datafield ind1=" " ind2=" " tag="310"><subfield code="a">Weekly</subfield></datafield><datafield ind1="0" ind2=" " tag="362"><subfield code="a">Vol. 37, no. 1 (Jan. 2, 1864)-v. 45, no. 52 (Dec. 28, 1872) = Whole no. 1926-whole no. 2391.</subfield></datafield><datafield ind1=" " ind2=" " tag="525"><subfield code="a">Supplements accompany some numbers.</subfield></datafield><datafield ind1=" " ind2=" " tag="752"><subfield code="a">United States</subfield><subfield code="b">Pennsylvania</subfield><subfield code="c">Philadelphia</subfield><subfield code="d">Philadelphia.</subfield></datafield><datafield ind1="0" ind2="0" tag="780"><subfield code="t">Philadelphia commercial list and price current</subfield><subfield code="w">(DLC)sn 84026191</subfield></datafield><datafield ind1="0" ind2="0" tag="785"><subfield code="t">Philadelphia commercial list and price current (Philadelphia, Pa. : 1873)</subfield><subfield code="w">(DLC)sn 86072105</subfield></datafield></record>